@manual{intel2017man,
  author = {{Intel Corporation}},
  title = {Intel 64 and IA-32 Architectures Software Developerâ€™s Manual},
  year = {2016},
  month = apr,
  organization = {Intel Corporation},
  note = {\url{http://www.intel.com/content/www/us/en/processors/architectures-software-developer-manuals.html},
   visited 2017-08-19}
}

@misc{q1,
  title = {BMP-Dateien.},
  howpublished = {\url{https://www.adobe.com/de/creativecloud/file-types/image/raster/bmp-file.html}},
  note = {Zugriffsdatum: 08. Juli 2023},
}


@misc{q2,
  title = {Bitmaptypen},
  howpublished = {\url{https://learn.microsoft.com/de-de/dotnet/desktop/winforms/advanced/types-of-bitmaps?view=netframeworkdesktop-4.8}},
  note = {Zugriffsdatum: 08. Juli 2023},
}

